<?xml version="1.0" encoding="utf-8"?>
<Document xmlns:xsi="http://www.w3.org/2001/XMLSchema-instance" xmlns:xsd="http://www.w3.org/2001/XMLSchema" xmlns="urn:iso:std:iso:20022:tech:xsd:camt.053.001.02">
    <BkToCstmrStmt>
        <GrpHdr>
            <MsgId>93cd355b91d34c7e9eb6bc3db3e0bfa1</MsgId>
            <CreDtTm>2025-12-02T18:46:51Z</CreDtTm>
            <MsgRcpt>
                <Nm>Demo</Nm>
            </MsgRcpt>
            <MsgPgntn>
                <PgNb>1</PgNb>
                <LastPgInd>true</LastPgInd>
            </MsgPgntn>
        </GrpHdr>
        <Stmt>
            <Id>6d23bef4dc7a4f36950f47939e31011a</Id>
            <CreDtTm>2025-12-02T18:46:51Z</CreDtTm>
            <FrToDt>
                <FrDtTm>2025-11-25T00:00:00Z</FrDtTm>
                <ToDtTm>2025-12-01T23:59:59Z</ToDtTm>
            </FrToDt>
            <Acct>
                <Id>
                    <IBAN>NL40KNAB00000000</IBAN>
                </Id>
                <Ccy>EUR</Ccy>
                <Ownr>
                    <Nm>ScooterSMART</Nm>
                    <PstlAdr>
                        <AdrLine>Example street 15 </AdrLine>
                        <AdrLine>1010LB Amsterdam</AdrLine>
                    </PstlAdr>
                </Ownr>
                <Svcr>
                    <FinInstnId>
                        <BIC>KNABNL2HXXX</BIC>
                    </FinInstnId>
                </Svcr>
            </Acct>
            <Bal>
                <Tp>
                    <CdOrPrtry>
                        <Cd>OPBD</Cd>
                    </CdOrPrtry>
                </Tp>
                <Amt Ccy="EUR">200.77</Amt>
                <CdtDbtInd>CRDT</CdtDbtInd>
                <Dt>
                    <Dt>2025-11-25</Dt>
                </Dt>
            </Bal>
            <Bal>
                <Tp>
                    <CdOrPrtry>
                        <Cd>CLBD</Cd>
                    </CdOrPrtry>
                </Tp>
                <Amt Ccy="EUR">100.55</Amt>
                <CdtDbtInd>CRDT</CdtDbtInd>
                <Dt>
                    <Dt>2025-12-01</Dt>
                </Dt>
            </Bal>
            <TxsSummry>
                <TtlNtries>
                    <NbOfNtries>1</NbOfNtries>
                    <Sum>4168.71</Sum>
                    <TtlNetNtryAmt>550.00</TtlNetNtryAmt>
                    <CdtDbtInd>DBIT</CdtDbtInd>
                </TtlNtries>
                <TtlCdtNtries>
                    <NbOfNtries>1</NbOfNtries>
                    <Sum>950.00</Sum>
                </TtlCdtNtries>
                <TtlDbtNtries>
                    <NbOfNtries>2</NbOfNtries>
                    <Sum>2251.15</Sum>
                </TtlDbtNtries>
            </TxsSummry>
           <Ntry>
                <Amt Ccy="EUR">100.55</Amt>
                <CdtDbtInd>CRDT</CdtDbtInd>
                <RvslInd>false</RvslInd>
                <Sts>BOOK</Sts>
                <BookgDt>
                    <Dt>2025-12-01</Dt>
                </BookgDt>
                <ValDt>
                    <Dt>2025-12-01</Dt>
                </ValDt>
                <AcctSvcrRef>4388caad07b75fd0a507a5043a78e790</AcctSvcrRef>
                <BkTxCd>
                    <Domn>
                        <Cd>PMNT</Cd>
                        <Fmly>
                            <Cd>RCDT</Cd>
                            <SubFmlyCd>ESCT</SubFmlyCd>
                        </Fmly>
                    </Domn>
                </BkTxCd>
                <NtryDtls>
                    <TxDtls>
                        <Refs>
                            <AcctSvcrRef>4388caad07b75fd0a507a5043a78e790</AcctSvcrRef>
                        </Refs>
                        <AmtDtls>
                            <InstdAmt>
                                <Amt Ccy="EUR">105.66</Amt>
                            </InstdAmt>
                        </AmtDtls>
                        <RltdPties>
                            <Dbtr>
                                <Nm>KNAB</Nm>
                            </Dbtr>
                            <DbtrAcct>
                                <Id>
                                    <Othr>
                                        <Id>60010259</Id>
                                    </Othr>
                                </Id>
                            </DbtrAcct>
                        </RltdPties>
                        <RmtInf>
                            <Ustrd>Example description</Ustrd>
                        </RmtInf>
                    </TxDtls>
                </NtryDtls>
            </Ntry>
            <Ntry>
                <Amt Ccy="EUR">200.77</Amt>
                <CdtDbtInd>DBIT</CdtDbtInd>
                <RvslInd>false</RvslInd>
                <Sts>BOOK</Sts>
                <BookgDt>
                    <Dt>2025-12-01</Dt>
                </BookgDt>
                <ValDt>
                    <Dt>2025-11-29</Dt>
                </ValDt>
                <AcctSvcrRef>a24febc320ea50518ccf2990c85e8eed</AcctSvcrRef>
                <BkTxCd>
                    <Domn>
                        <Cd>PMNT</Cd>
                        <Fmly>
                            <Cd>IRCT</Cd>
                            <SubFmlyCd>ESCT</SubFmlyCd>
                        </Fmly>
                    </Domn>
                </BkTxCd>
                <NtryDtls>
                    <TxDtls>
                        <Refs>
                            <AcctSvcrRef>a24febc320ea50518ccf2990c85e8eed</AcctSvcrRef>
                        </Refs>
                        <AmtDtls>
                            <InstdAmt>
                                <Amt Ccy="EUR">87.63</Amt>
                            </InstdAmt>
                        </AmtDtls>
                        <RltdPties>
                            <Cdtr>
                                <Nm>name xxxxxx</Nm>
                            </Cdtr>
                            <CdtrAcct>
                                <Id>
                                    <IBAN>NL50INGB067650000</IBAN>
                                </Id>
                            </CdtrAcct>
                        </RltdPties>
                        <RmtInf>
                            <Ustrd>Test description</Ustrd>
                        </RmtInf>
                    </TxDtls>
                </NtryDtls>
            </Ntry>
        </Stmt>
    </BkToCstmrStmt>
</Document>
